@Manual{matlab,
  title = {MATLAB},
  author = {{The MathWorks Inc}},
  year = {2019},
  note = {Matlab package version 2019b},
  url = {https://www.mathworks.com/products/matlab.html},
}
@Manual{R-bookdown,
  title = {bookdown: Authoring Books and Technical Documents with R Markdown},
  author = {Yihui Xie},
  year = {2020},
  note = {R package version 0.18},
  url = {https://CRAN.R-project.org/package=bookdown},
}
@Manual{M-MEconTools,
  title = {MEconTools: Tools for Analyzing Matlab Data Structures and Dynamic Programming},
  author = {Fan Wang},
  year = {2020},
  note = {M package version 0.0.0.9000},
  url = {https://fanwangecon.github.io/MEconTools/},
}
